   @MISC{intel_phi_architecture,
      author =       "George Chrysos",  
      title =        "Intel {X}eon {P}hi {C}oprocessor -- the {A}rchitecture [online]",
      publisher =    "Intel Corporation",
      year =         "2012-11-12 [cit. 2015-04-28]",
      howpublished =  "{\tt https://software.intel.com/en-us/articles/intel-xeon-phi-coprocessor-\\codename-knights-corner}",
   }

   @BOOK{xeon_phi_book,
      title = {Intel Xeon Phi Coprocesor High Performance Programming},
      publisher = {Elsevier Inc.y},
      year = {2013},
      authors = {Jim Jeffers, James Reinders},
      note = {ISBN~978-0-12-410414-3},
      owner = {Intel},
      timestamp = {2015-04-28}
  }

   @MISC{anselm_guide,
      author =       "Roman Sliva and Filip Stanek",  
      title =        "Best {P}ractice {G}uide -- {A}nselm [online]",
      year =         "2012-05 [cit. 2015-04-28]",
      howpublished =  "{\tt http://www.prace-ri.eu/best-practice-guide-anselm-html/}",
   }

   @MISC{intel_compiler_pragmas,
      author =       "Intel",  
      title =        "Getting {S}tarted with {I}ntel {C}ompiler {P}ragmas and {D}irectives [online]",
      year =         "2014-08-29 [cit. 2015-04-28]",
      howpublished =  "{\tt https://software.intel.com/en-us/articles/getting-started-with-intel-\\composer-xe-2013-compiler-pragmas-and-directives}",
   }

   @MISC{openmp,
      author =       "Blaise Barney",  
      title =        "Open{M}{P} [online]",
      publisher =    "Lawrence Livermore National Laboratory",
      year =         "Last modiefied: 2014-12-11 [cit. 2015-04-28]",
      howpublished =  "{\tt https://computing.llnl.gov/tutorials/openMP}",
   }
